@MISC{Kendall2008,
    author = {Graham Kendall and Andrew Parkes and Kristian Spoerer},
    title = {A Survey of NP-Complete Puzzles },
    year = {2008}
}

@book{Edelkamp2012,
  author    = {Stefan Edelkamp and Stefan Schr{\"o}dl},
  title     = {Heuristic Search - Theory and Applications},
  publisher = {Academic Press},
  year      = {2012}
}

@INPROCEEDINGS{Edelkamp2001,
    author = {Stefan Edelkamp},
    title = {Planning with Pattern Databases},
    booktitle = {Proceedings of ehe 6th European Conference on Planning(ECP-01)},
    year = {2001},
    pages = {13--24}
}

@phdthesis{Edelkamp1999,
    author = {Stefan Edelkamp},
    title = {Data Structures and Learning Algorithms in State Space Search},
    year = {1999},
	school = {University of Freiburg,}
} 

@INPROCEEDINGS{Cazenave2010,
    author = {Tristan Cazenave and Nicolas Jouandeau},
    title = {Towards deadlock free sokoban},
    booktitle = {Board Games Studies Colloquium(ECP-01)},
    year = {2010}
}

@TechReport{Jaruek2010,
  author = 	 {Petr Jarusek and Radek Pelánek},
  title = 	 {Human Problem Solving: Sokoban Case Study},
  institution =  {Masaryk University Brno},
  year = 	 {2010},
  number = 	 {FIMU-RS-2010-01},
}

@phdthesis{Botea2006,
    author = {Adi Botea},
    title = {Improving AI Planning and Search with Automatic Abstraction},
    year = {2006},
	school = {University of Alberta}
} 

@INPROCEEDINGS{Botea2003,
    author = {Adi Botea and Martin Müller and Jonathan Schaeffer},
    title = {Using Abstraction for Planning in Sokoban},
    booktitle = {In Proceedings oftThe 3rd International Conference on Computers and Games (CG'2002)},
    year = {2003},
    pages = {360--375},
    publisher = {Springer}
}

@INPROCEEDINGS{Botea2003,
    author = {Adi Botea and Martin Müller and Jonathan Schaeffer},
    title = {Extending PDDL for Hierarchical Planning and Topological Abstraction},
    booktitle = {In Proceedings of the ICAPS-03 Workshop on PDDL},
    year = {2003},
    pages = {25--32}
}

@mastersthesis{Virkkala2011,
    author = {Timo Virkkala},
    title = {Solving Sokoban},
    school = {University of Helsinki},
    year = {2011}
}

@mastersthesis{Schaul2005,
    author = {Tom Schaul},
    title = {Evolving a compact concept-based Sokoban solver},
    year = {2005},
	school = {École Polytechnique Fédérale de Lausanne}
}

@INPROCEEDINGS{Demaret2008,
    author = {Jean-No Demaret and François Van Lishout and Pascal Gribomont},
    title = {Hierarchical Planning and Learning for Automatic Solving of Sokoban Problems},
	booktitle = {20th Belgium-Netherlands Conference on Artificial Intelligence},
    year = {2008}
}

@INPROCEEDINGS{Zubaran2011,
    author = {Tadeu Zubaran and Marcus Ritt},
    title = {Agent motion planning with pull and push moves},
	booktitle = {In Anais do VIII Encontro Nacional de Inteligência Artificial (ENIA)},
    year = {2011}
}

@mastersthesis{James1993,
    author = {Mark James},
    title = {Optimal tunneling: A heuristic for learning macro operators},
    institution = {University of Calgary},
    year = {1993}
}

@article{JunghannsS012,
  author    = {Andreas Junghanns and Jonathan Schaeffer},
  title     = {Sokoban: Enhancing general single-agent search methods using domain knowledge},
  journal   = {Artif. Intell.},
  volume    = {129},
  number    = {1-2},
  year      = {2001},
  pages     = {219-251}
}

@article{JunghannsS011,
  author    = {Andreas Junghanns and Jonathan Schaeffer}, 
  title     = {Sokoban: improving the search with relevance cuts},
  journal   = {Theor. Comput. Sci.},
  volume    = {252},
  number    = {1-2},
  year      = {2001},
  pages     = {151-175}
}

@phdthesis{Junghanns1999,
    author = {Andreas Junghanns},
    title = {Pushing the Limits: New Developments in Single-Agent Search},
	school = {University of Alberta},
    year = {1999}
}

@inproceedings{JunghannsS991,
  author    = {Andreas Junghanns and Jonathan Schaeffer},
  title     = {Domain-Dependent Single-Agent Search Enhancements},
  booktitle = {IJCAI},
  year      = {1999},
  pages     = {570-577}
}

@inproceedings{JunghannsS983,
  author    = {Andreas Junghanns and Jonathan Schaeffer},
  title     = {Single-Agent Search in the Presence of Deadlocks},
  booktitle = {AAAI/IAAI},
  year      = {1998},
  pages     = {419-425}
}

@inproceedings{JunghannsS982,
  author    = {Andreas Junghanns and Jonathan Schaeffer},
  title     = {Sokoban: Evaluating Standard Single-Agent Search Techniques in the Presence of Deadlock},
  booktitle = {Canadian Conference on AI},
  year      = {1998},
  pages     = {1-15}
}

@inproceedings{JunghannsS981,
  author    = {Andreas Junghanns and Jonathan Schaeffer},
  title     = {Relevance Cuts: Localizing the Search},
  booktitle = {Computers and Games},
  year      = {1998},
  pages     = {1-14}
}

@inproceedings{JunghannsS97,
  author    = {Andreas Junghanns and Jonathan Schaeffer},
  title     = {Sokoban: A Challenging Single-Agent Search Problem},
  booktitle = {Using Games as an Experimental Testbed for AI Research - Proceedings IJCAI-97},
  year      = {1997}
}

@INPROCEEDINGS{Takes2008,
    author = {Frank Takes},
    title = {Sokoban: Reversed Solving},
    booktitle = {2nd Nsvki Student Conference},
    year = {2008},
    pages = {31--36}
}

@Misc{Ritt2010,
	author = {Marcus Ritt},
	title =	 {Motion planning with pull moves},
	year = {2010}
}

@Misc{Damgaard2012,
	author = {Brian Damgaard},
	title =	 {Yet Another Sokoban Solver},
	howpublished = {\url{http://sourceforge.net/projects/sokobanyasc/}},
	year = {2012}
}

@Misc{Meger2012,
	author = {Matthias Meger},
	title =	 {JSoko},
	howpublished = {\url{www.sokoban-online.de/}},
	year = {2012}
}

@Misc{Takaken2012,
	author = {Kenichiro Takahashi},
	title =	 {Takaken},
	howpublished = {\url{http://www.ic-net.or.jp/home/takaken/e/soko/index.html/}},
	year = {2012}
}

@article{Culberson1998,
  author = "Joseph Culberson and Jonathan Schaeffer",
  year = "1998",
  title = "Pattern Databases",
  journal = "Computational Intelligence",
  volume = "14",
  pages = "318--334"
}

@techreport{Culberson1997,
    author    = "Joseph Culberson",
    title     = "Sokoban is PSPACE-complete",
    institution = " University of Alberta",
    year      = "1997"
}

@inproceedings{Korf1997,
 author = {Richard Korf},
 title = {Finding optimal solutions to Rubik's cube using pattern databases},
 booktitle = {Proceedings of the fourteenth national conference on artificial intelligence and ninth conference on Innovative applications of artificial intelligence},
 year = {1997}
} 

@article{Korf1985,
  author    = {Richard E. Korf},
  title     = {Depth-First Iterative-Deepening: An Optimal Admissible Tree
               Search},
  journal   = {Artif. Intell.},
  volume    = {27},
  number    = {1},
  year      = {1985},
  pages     = {97-109}
}

@article{Felner2004,
 author = {Felner, Ariel and Korf, Richard E. and Hanan, Sarit},
 title = {Additive pattern database heuristics},
 journal = {J. Artif. Int. Res.},
 issue_date = {July 2004},
 volume = {22},
 number = {1},
 month = nov,
 year = {2004},
 issn = {1076-9757},
 pages = {279--318},
 numpages = {40},
 publisher = {AI Access Foundation},
 address = {USA}
} 

@inproceedings{Korf2007,
 author = {Richard Korf},
 title = {Analyzing the performance of pattern database heuristics},
 booktitle = {Proceedings of the 22nd national conference on Artificial intelligence - Volume 2},
 series = {AAAI'07},
 year = {2007},
 pages = {1164--1170},
 numpages = {7},
 publisher = {AAAI Press}
}

@article{Korf2002,
	title = "Disjoint pattern database heuristics",
	journal = "Artificial Intelligence",
	volume = "134",
	author = {Richard Korf and Ariel Felner},
	pages = "9--22",
	year = "2002"
}

@article{Yang2008,
 author = {Yang, Fan and Culberson, Joseph and Holte, Robert and Zahavi, Uzi and Felner, Ariel},
 title = {A general theory of additive state space abstractions},
 journal = {J. Artif. Int. Res.},
 issue_date = {May 2008},
 volume = {32},
 number = {1},
 month = jun,
 year = {2008},
 issn = {1076-9757},
 pages = {631--662},
 numpages = {32},
 publisher = {AI Access Foundation},
 address = {USA}
} 

@inproceedings{Felner2005,
 author = {Ariel Felner and Amir Adler},
 title = {Solving the 24 puzzle with instance dependent pattern databases},
 booktitle = {Proceedings of the 6th international conference on Abstraction, Reformulation and Approximation},
 series = {SARA'05},
 year = {2005},
 pages = {248--260},
 numpages = {13},
 publisher = {Springer-Verlag},
 address = {Berlin, Heidelberg}
} 

@article{Holte2006,
 author = {Holte, Robert and Felner, Ariel and Newton, Jack and Meshulam, Ram and Furcy, David},
 title = {Maximizing over multiple pattern databases speeds up heuristic search},
 journal = {Artif. Intell.},
 issue_date = {November, 2006},
 volume = {170},
 number = {16-17},
 month = nov,
 year = {2006},
 issn = {0004-3702},
 pages = {1123--1136},
 numpages = {14},
 publisher = {Elsevier Science Publishers Ltd.},
 address = {Essex, UK}
} 


@inproceedings{Edelkamp2004,
 author = {Stefan Edelkamp and Alberto Lluch Lafuente},
 title = {Abstraction in directed model checking},
 booktitle = {In ICAPS, Workshop on
Connecting Planning Theory with Practice},
 year = {2004}
} 

@inproceedings{Korf2012,
  author    = {Richard Korf},
  title     = {Research Challenges in Combinatorial Search},
  booktitle = {AAAI},
  year      = {2012}
}

@inproceedings{Murase1996,
 author = {Murase, Yoshio and Matsubara, Hitoshi and Hiraga, Yuzuru},
 title = {Automatic Making of Sokoban Problems},
 booktitle = {Proceedings of the 4th Pacific Rim International Conference on Artificial Intelligence: Topics in Artificial Intelligence},
 series = {PRICAI '96},
 year = {1996},
 pages = {592--600},
 numpages = {9},
 publisher = {Springer-Verlag},
 address = {London, UK, UK}
} 

@article{Masaru2003,
	title = "A Method of Automatic Creation of Goal-Area in Sokoban Maps",
	journal = "Joho Shori Gakkai Shinpojiumu Ronbunshu",
	author = {Odawara Masaru and Kaneko Tomoyuki and Kawai Satoru},
	pages = "67--74",
	year = "2003"
}

@techreport{Taylor2011,
    author    = "Joshua Taylor and Ian Parberry",
    title     = "Procedural Generation of Sokoban Levels",
    institution = "University of North Texas",
    year      = "2011"
}

@Misc{Haywood2012,
	author = {Lee Haywood},
	title =	 {SokEvo},
	howpublished = {\url{http://leehaywood.org/games/sokoban/sokevo.html/}},
	year = {2012}
}

@inproceedings{Zhou2004,
 author = {Rong Zhou and Eric Hansen},
 title = {Space-Efficient Memory-Based Heuristics},
 booktitle = {AAAI},
 year = {2004}
} 

@inproceedings{Demaine2000,
  author    = {Erik D. Demaine and Martin L. Demaine and Joseph O'Rourke},
  title     = {PushPush and Push-1 are NP-hard in 2D},
  booktitle = {CCCG},
  year      = {2000}
}

@Misc{Nakayamaand1997,
	author = {A. Ueno and K. Nakayamaand and T. Hikita},
	title =	 {A program that solves Sokoban problems},
	year = {1997}
}
