@article{waxman88,
    author = {Waxman, B. M.},
    booktitle = {Selected Areas in Communications, IEEE Journal on},
    day = {06},
    doi = {10.1109/49.12889},
    institution = {Comput. \& Commun. Res. Center, Washington Univ., St. Louis, MO},
    issn = {0733-8716},
    journal = {Selected Areas in Communications, IEEE Journal on},
    keywords = {multicast},
    month = dec,
    number = {9},
    pages = {1617--1622},
    publisher = {IEEE},
    title = {{Routing of multipoint connections}},
    url = {http://dx.doi.org/10.1109/49.12889},
    volume = {6},
    year = {1988}
}

@INPROCEEDINGS{fajjari2011,
    author = {Fajjari, Ilhem and Ait Saadi, Nadjib and Pujolle, Guy and Zimmermann, Hubert},
     title = {{VNE}-{AC}: {V}irtual {N}etwork {E}mbedding {A}lgorithm based on {A}nt {C}olony {M}etaheuristic},
     booktitle = {{IEEE} {ICC}},
      year = {2011},
     pages = {1-6},
  location = {Kyoto, JAPAN},
      note = {INT Phare LIP6},
       doi = {english}
}

@techreport{lu,
  author = {J. Lu, J. Turner},
  title= {Efficient Mapping of Virtual Network onto a Shared Substrate}, 
  type={Technical Report},
  institution={Washington University in St. Louis}, 
  month= {June},
  year={2006}
}
