/home/lfsmoura/Dropbox/mendeley/VNE.bib